% This file was created with JabRef 2.10b2.
% Encoding: UTF8


@Book{Adolpho2011,
  Title                    = {Os 8 Ps do Marketing Digital: O guia estratégico de marketing digital},
  Author                   = {Adolpho, Conrado},
  Publisher                = {Novatec - São Paulo},
  Year                     = {2011}
}

@Book{Brown2010,
  Title                    = {Desing Thinking: uma metodologia poderosa para decretar o fim das velhas ideias. / Tim Brown com Barry Katz; tradução Cristina Yamagami.},
  Author                   = {Brown, Tim},
  Publisher                = {Elsevier - Rio de Janeiro},
  Year                     = {2010},

  Owner                    = {derotino},
  Timestamp                = {2016.01.09}
}

@Book{Malcolm2002,
  Title                    = {O Ponto de Desequilíbrio: pequenas coisas fazem uma grande diferença},
  Author                   = {Gladwell, Malcolm},
  Publisher                = {Rocco - Rio de Janeiro},
  Year                     = {2002},

  Owner                    = {derotino},
  Timestamp                = {2016.01.09}
}

@Book{Kotler2010,
  Title                    = {Marketing 3.0: as forças que estão definindo o novo marketing centrado no ser humano - Philip Kother, Hermawan Kartajaya, Iwan
Setiawan},
  Author                   = {Kotler, Philip},
  Publisher                = {Elsevier - Rio de Janeiro},
  Year                     = {2010},

  Owner                    = {derotino},
  Timestamp                = {2016.01.08}
}

@Book{Torres2009,
  Title                    = {A Biblia do Marketing Digital: tudo o que você queria saber sobre marketing e publicidade na internet e não tinha a quem perguntar.},
  Author                   = {Torres, Cláudio},
  Publisher                = {Novatec - São Paulo},
  Year                     = {2009},

  Owner                    = {derotino},
  Timestamp                = {2016.01.09}
}

